@string{jqsrt = "J. Quant. Spectrosc. Radiat. Transfer"}
@string{jas = "J. Atmos. Sci."}


@article{Ding_2009,
 author = {S. Ding and Y. Xie and P. Yang and F. Weng and Q. Liu and B. Baum and Y. Hu},
 title = {{Estimates of radiation over clouds and dust aerosols: Optimized number of terms in phase function expansion}},
 journal = jqsrt,
 volume = {110},
 pages = {1190--1198},
 year = {2009},
 doi = {10.1016/j.jqsrt.2009.03.032},
 publisher = {Elsevier}
}

@article{Hu_2000,
 author = {Y.-X. Hu and B. Wielicki and B. Lin and G. Gibson and S.-C. Tsay and K. Stamnes and T. Wong},
 title = {$\delta$-{fit: A fast and accurate treatment of particle scattering phase functions with weighted singular-value decomposition least-squares fitting}},
 journal = jqsrt,
 volume = {65},
 pages = {681--690},
 year = {2000},
 doi = {10.1016/S0022-4073(99)00147-8},
 publisher = {Elsevier}
}

@article{Rozanov_and_Lyapustin_2010,
 author = {V.V. Rozanov and A.I. Lyapustin},
 title = {{Similarity of radiative transfer equation: Error analysis of phase function truncation techniques}},
 journal = jqsrt,
 volume = {111},
 pages = {1964--1979},
 year = {2010},
 doi = {10.1016/j.jqsrt.2010.03.018},
 publisher = {Elsevier}
}

@article{Wiscombe_1977,
 author = {W.J. Wiscombe},
 title = {{The delta-M method: Rapid yet accurate radiative flux calculations for strongly asummetric phase functions}},
 journal = jas,
 volume = {34},
 pages = {1408--1422},
 year = {1977},
 doi = {10.1175/1520-0469(1977)034<1408:TDMRYA>2.0.CO;2},
 publisher = {AMS}
}

@article{Yang_2003,
 author = {P. Yang and  H.-L. Wei and B.A. Baum and H.-L. Huang and A.J. Heymsfield, Y.X. Hu and B.-C. Gao and D.D. Turner},
 title = {{The spectral signature of mixed-phase clouds composed of non-spherical ice crystals and spherical liquid droplets in the terrestrial window region}},
 journal = jqsrt,
 volume = {79--80},
 pages = {1171--1188},
 year = {2003},
 doi = {10.1016/S0022-4073(02)00348-5},
 publisher = {Elsevier}
}

@article{Yang_2013,
 author = {P. Yang and L. Bi and B.A. Baum and K.-N. Liou and G.W. Kattawar and M.I. Mishchenko and  B. Cole},
 title = {{Spectrally consistent scattering, absorption, and polarization properties
of atmospheric ice crystals at wavelengths from 0.2 to 100 $\mu$m}},
 journal = jas,
 volume = {70},
 pages = {330--347},
 year = {2013},
 doi = {10.1175/JAS-D-12-039.1},
 publisher = {AMS}
}

