@article{Giering1998,
 key = {Giering},
 author = {{R. Giering and T. Kaminski}},
 title = {Recipes for adjoint code construction},
 journal = {ACM Trans. Math. Softw.},
 volume = {24},
 number = {4},
 year = {1998},
 issn = {0098-3500},
 pages = {437--474},
 doi = {http://doi.acm.org/10.1145/293686.293695},
 publisher = {ACM},
 address = {New York, NY, USA},
}

@article{Guillou1998,
 key = {Guillou},
 author = {C. Guillou, W. Ellison, L. Eymard, K. Lamkaouchi, C. Prigent, G. Delbos, G. Balana, and S. Boukabara},
 title = {Impact of new permittivity measurements on sea surface emissivity modeling in microwaves},
 journal = {Radio Sci.},
 volume = {33},
 number = {3},
 year = {1998},
 pages = {649--667},
 publisher = {AGU},
}

@article{Clough2005,
 author = {{S.A. Clough, M.W. Shephard, E.J. Mlawer, J.S. Delamere, M.J. Iacono, K. Cady-Pereira, S. Boukabara and P.D. Brown}},
 title = {Atmospheric radiative transfer modeling: a summary of the {AER} codes},
 journal = {J. Quant. Spectrosc. Radiat. Transfer},
 volume = {91},
 year = {2005},
 pages = {233--244},
 publisher = {Elsevier},
}

@book{Janssen1993,
 key = {Janssen},
 title = {Atmospheric remote sensing by microwave radiometry},
 editor = {M.A. Janssen},
 year = {1993},
 publisher = {Wiley},
 address = {New York, NY, USA},
}

@book{Bell1972,
 title = {Introductory Fourier Transform Spectroscopy},
 author = {R.J. Bell},
 year = {1972},
 publisher = {Academic Press},
 address = {New York, NY, USA},
}

@misc{WMO_Common_Code_Tables2007,
 title = {{WMO Common Code Tables}},
 key = {WMO},
 year = {2007},
 month = {Nov.},
 instituition = {World Meteorological Organization},
 howpublished = {Common Code Tables at \newline\texttt{http://www.wmo.int/pages/prog/www/WMOCodes/OperationalCodes.html}},
 url = {http://www.wmo.int/pages/prog/www/WMOCodes/OperationalCodes.html},
}

@misc{IASI_GFTPPT,
 author = {{C. Camy-Peyret, S. Payan, B. Tournier and D. Blumstein}},
 title = {{Finalization of the level 1c for IASI MetOp1}},
 year = {2005},
 month = {Apr.},
 howpublished = {presented at ISSWG-21, Potenza, Italy},
}

@misc{IASI_spectral_characteristics,
  title = {{IASI Level 1 Products Overview}},
  institution = {EUMETSAT},
  howpublished = {\newline\texttt{http://oiswww.eumetsat.org/WEBOPS/eps-pg/IASI-L1/IASIL1-PG-4ProdOverview.htm}},
  url = {http://oiswww.eumetsat.org/WEBOPS/eps-pg/IASI-L1/IASIL1-PG-4ProdOverview.htm}
}

@misc{ATMS_PFM_CalLog,
 title = {{Advanced Technology Microwave Sounder (ATMS) Calibration Data Book, ATMS PFM P/N 1362460-1 S/N 302}},
 institution = {{Northrop Grumman, Electronic Systems}},
 number = {14029},
 key = {ATMS},
 year = {2005},
 month = {Oct.},
 howpublished = {Contract No. NAS5-01089 CDRL 042 submitted to NASA-GSFC},
}

@misc{CrIS_SDR_ATBD,
 title = {{Algorithm Theoretical Basis Document for the Cross Track Infrared Sounder (CrIS). Volume 1, Sensor Data Records (SDR)}},
 institution = {{ITT/ABB Bomem, Inc}},
 number = {BOM-CrIS-0067},
 key = {CrIS},
 year = {2001},
 month = {May},
 day = {25},
 howpublished = {ITT A/CD Document 818004},
}

@inproceedings{Muth_etal_2004,
 key = {Muth},
 author = {{C. Muth, P.S. Lee, J.C. Shiue and W. Allan Webb}},
 booktitle = {{Geoscience and Remote Sensing Symposium, 2004. IGARSS '04.}},
 title = {{Advanced Technology Microwave Sounder on NPOESS and NPP}},
 volume = {4},
 pages = {2454--2458},
 year = {2004},
 month = {Sep.},
 organization = {IEEE},
 doi = {10.1109/IGARSS.2004.1369789},
 isbn = {0-7803-8742-2},
}

@misc{Purser_FFT,
 author = {R.J. Purser},
 year = {2007},
 howpublished = {Private communication},
}
