@string{jgr = "J. Geophys. Res."}
@string{jam = "J. Appl. Meteor."}
@string{jas = "J. Atmos. Sci."}
@string{qjrms = "Q.J.R. Meteorol. Soc."}
@string{jamc = "J. Appl. Meteorol. Climatol."}
@string{bfa = "Beitr. Phys. Atmosp."}
@string{jc = "J. Climate"}
@string{mwr = "Mon. Wea. Rev."}
@string{ar = "Atmos. Res."}


@article{Barker_2008,
 author = {H.W. Barker},
 title = {{Overlap of fractional cloud for radiation calculations in GCMs: A global analysis using CloudSat and CALIPSO data}},
 journal = jgr,
 volume = {113},
 number = {D00A01},
 year = {2008},
 doi = {10.1029/2007JD009677},
 publisher = {AGU}
}

@article{BennartzPetty_2001,
 author = {R. Bennartz and G.W. Petty},
 title = {{The sensitivity of microwave remote sensing observations of precipitation to ice particle size distributions}},
 journal = jam,
 volume = {40},
 number = {3},
 pages = {345--364},
 year = {2001},
 doi = {10.1175/1520-0450(2001)040<0345:TSOMRS>2.0.CO;2},
 publisher = {AMS}
}

@article{Collins_2001,
 author = {W.D. Collins},
 title = {{Parameterization of generalized cloud overlap for radiative calculations in general circulation models}},
 journal = jas,
 volume = {58},
 number = {21},
 pages = {3224--3242},
 year = {2001},
 doi = {10.1175/1520-0469(2001)058<3224:POGCOF>2.0.CO;2},
 publisher = {AMS}
}

@article{DiMicheleBauer_2006,
 author = {S. Di Michele and P. Bauer},
 title = {{Passive microwave radiometer channel selection based on cloud and precipitation information content}},
 journal = qjrms,
 volume = {132},
 pages = {1299--1323},
 year = {2006},
 doi = {10.1256/qj.05.164},
 publisher = {RMetS}
}

@article{Geer_2009,
 author = {A.J. Geer and P. Bauer and C.W. O'Dell},
 title = {{A revised cloud overlap scheme for fast microwave radiative transfer in rain and cloud}},
 journal = jamc,
 volume = {48},
 pages = {2257--2270},
 year = {2009},
 doi = {10.1175/2009JAMC2170.1},
 publisher = {AMS}
}

@article{GeleynHollingsworth_1979,
 author = {J.F. Geleyn and A. Hollingsworth},
 title = {{An economical analytical method for the computation of the interaction between scattering and line absorption of radiation}},
 journal = bpa,
 volume = {52},
 pages = {1--16},
 year = {1979}
}

@article{HoganIllingworth_2000,
 author = {R.J. Hogan and A.J. Illingworth},
 title = {{Deriving cloud overlap statistics from radar}},
 journal = qjrms,
 volume = {126},
 pages = {2903--2909},
 year = {2000},
 publisher = {RMetS}
}

@article{JakobKlein_2000,
 author = {C. Jakob and S.A. Klein},
 title = {{A parametrization of the effects of cloud and precipitation overlap for use in general-circulation models}},
 journal = qjrms,
 volume = {126},
 pages = {2525--2544},
 year = {2000},
 publisher = {RMetS}
}

@article{MaceBenson-Troth_2002,
 author = {G.G. Mace and S. Benson-Troth},
 title = {{Cloud-layer overlap characteristics derived from long-term cloud radar data}},
 journal = jc,
 volume = {15},
 pages = {2505--2515},
 year = {2002},
 publisher = {AMS}
}

@article{MorcretteJakob_2000,
 author = {J.-J. Morcrette and C. Jakob},
 title = {{The response of the ECMWF model to changes in the cloud overlap assumption}},
 journal = mwr,
 volume = {128},
 number = {6},
 pages = {1707--1732},
 year = {2000},
 publisher = {AMS},
 doi = {10.1175/1520-0493(2000)128<1707:TROTEM>2.0.CO;2}
}

@article{Naud_2008,
 author = {C.M. Naud and A. Del Genio and G.G. Mace and S. Benson and E.E. Clothiaux and P. Kollias},
 title = {{Impact of dynamics and atmospheric state on cloud vertical overlap}},
 journal = jc,
 volume = {21},
 pages = {1758--1770},
 year = {2008},
 publisher = {AMS},
 doi = {10.1175/2007JCLI1828.1}
}

@article{ODell_2007,
 author = {C. O'Dell and P. Bauer and R. Bennartz},
 title = {{A fast cloud overlap parameterization for microwave radiance assimilation}},
 journal = jas,
 volume = {64},
 pages = {3896--3909},
 year = {2007},
 doi = {10.1175/2006JAS2133.1},
 publisher = {AMS}
}

@article{OreopoulosKhairoutdinov_2003,
 author = {L. Oreopoulos and M. Khairoutdinov},
 title = {{Overlap properties of clouds generated by a cloud-resolving model}},
 journal = jgr,
 volume = {108},
 number = {D15},
 pages = {4479--4488},
 year = {2003},
 doi = {10.1029/2002JD003329},
 publisher = {AGU}
}

@article{Stephens_2004,
 author = {G.L. Stephens and N.B. Wood and P.M. Gabriel},
 title = {{An assessment of the parameterization of subgrid-scale cloud effects on radiative
transfer. Part I: Vertical overlap}},
 journal = jas,
 volume = {61},
 pages = {715--732},
 year = {2004},
 doi = {10.1175/2006JAS2133.1},
 publisher = {AMS}
}

@article{TianCurry_1989,
 author = {L. Tian and J.A. Curry},
 title = {{Cloud overlap statistics}},
 journal = jgr,
 volume = {94},
 number = {D7},
 pages = {9925--9935},
 year = {1989},
 publisher = {AGU},
 doi = {10.1029/JD094iD07p09925}
}

@article{Willen_2005,
 author = {U. Willen and S Crewell and H.K. Baltink and O. Sievers},
 title = {{Assessing model predicted vertical cloud structure and cloud overlap with radar and lidar ceilometer observations for the Baltex Bridge Campaign of CLIWA-NET}},
 journal = ar,
 volume = {75},
 pages = {227--255},
 year = {2005},
 publisher = {Elsevier},
 doi = {10.1016/j.atmosres.2004.12.008}
}

@article{WuLiang_2005,
 author = {X. Wu and X.-Z. Liang},
 title = {{Radiative effects of cloud horizontal inhomogeneity and vertical overlap identified from a monthlong cloud-resolving model simulation}},
 journal = jas,
 volume = {62},
 pages = {4105--4112},
 year = {2005},
 doi = {10.1175/JAS3565.1},
 publisher = {AMS}
}

