% Articles
% ========

@article{Kazumori_etal_2008,
 author = {M. Kazumori and Q. Liu and R. Treadon and J.C. Derber},
 title = {{Impact study of AMSR-E radiances in the NCEP Global Data Assimilation System}},
 journal = {Mon. Wea. Rev.},
 volume = {136},
 number = {2},
 pages = {541--559},
 year = {2008},
 publisher = {AMS},
}

@article{GuissardSobieski1987,
 author = {A. Guissard and P. Sobieski},
 title = {An approximate model for the microwave brightness temperature of the sea},
 journal = {Int. J. Remote Sensing},
 volume = {8},
 number = {11},
 pages = {1607--1627},
 year = {1987},
 publisher = {Taylor and Francis},
}

@article{QLiu_etal_1998,
 author = {Q. Liu and C. Simmer and E. Ruprecht},
 title = {{Monte Carlo simulations of the microwave emissivity of the sea surface}},
 journal = {J. Geophys. Res.},
 volume = {103},
 number = {C11},
 pages = {24983--24989},
 year = {1998},
 publisher = {AGU},
}

@article{Rosenkranz1998,
 author = {P.W. Rosenkranz},
 title = {{Water vapor microwave continuum absorption: A comparison of measurements and models}},
 journal = {Radio Sci.},
 volume = {33},
 number = {4},
 pages = {919--928},
 year = {1998},
 publisher = {AGU},
}

@article{Rosenkranz_etal_1988,
 author = {P.W. Rosenkranz and D.H. Staelin},
 title = {{Polarized thermal microwave emission from oxygen in the mesosphere}},
 journal = {Radio Sci.},
 volume = {23},
 number = {5},
 pages = {721--729},
 year = {1988},
 publisher = {AGU},
}

@article{Liebe1992,
 author = {H.J. Liebe and P.W. Rosenkranz and G.A. Hufford},
 title = {{Atmospheric 60-GHz oxygen spectrum: New laboratory measurements and line parameters}},
 journal = {J. Quant. Spectrosc. Radiat. Transfer},
 volume = {48},
 number = {5/6},
 pages = {629--643},
 year = {1992},
 publisher = {Elsevier},
 doi = {10.1016/0022-4073(92)90127-P},
}

@article{Liebe1989,
 author = {H.J. Liebe},
 title = {{MPM - An atmospheric millimeter-wave propagation model}},
 journal = {Int. J. Infrared Milli. Waves},
 volume = {10},
 number = {6},
 pages = {631--650},
 year = {1989},
 publisher = {Plenum},
}

@article{Han2007,
 author = {Y. Han and F. Weng and Q. Liu and P. van Delst},
 title = {{A fast radiative transfer model for SSMIS upper atmosphere sounding channels}},
 journal = {J. Geophys. Res.},
 volume = {112},
 pages = {D11121},
 year = {2007},
 doi = {10.1029/2006JD008208},
 publisher = {AGU},
}

@article{OPTRAN1,
 author = {L.M. McMillin and H.E. Fleming},
 title = {{Atmospheric transmittance of an absorbing gas: A computationally fast and accurate transmittance model for absorbing gases with constant mixing ratios in inhomogeneous atmospheres}},
 journal = {Appl. Opt.},
 volume = {15},
 number = {2},
 pages = {358--363},
 year = {1976},
}

@article{OPTRAN2,
 author = {H.E. Fleming and L.M. McMillin},
 title = {{Atmospheric transmittance of an absorbing gas. 2: A computationally fast and accurate transmittance model for slant paths at different zenith angles}},
 journal = {Appl. Opt.},
 volume = {16},
 number = {5},
 pages = {1366--1370},
 year = {1977},
}

@article{OPTRAN3,
 author = {L.M. McMillin and H.E. Fleming and M.L. Hill},
 title = {{Atmospheric transmittance of an absorbing gas. 3: A computationally fast and accurate transmittance model for absorbing gases with variable mixing ratios}},
 journal = {Appl. Opt.},
 volume = {18},
 number = {10},
 pages = {1600--1606},
 year = {1979},
}

@article{OPTRAN4,
 author = {L.M. McMillin and L.J. Crone and M.D. Goldberg and T.J. Kleespies},
 title = {{Atmospheric transmittance of an absorbing gas. 4. OPTRAN: A computationally fast and accurate transmittance model for absorbing gases with fixed and with variable mixing ratios at variable viewing angles}},
 journal = {Appl. Opt.},
 volume = {34},
 number = {27},
 pages = {6269--6274},
 year = {1995},
}

@article{OPTRAN5,
 author = {L.M. McMillin and L.J. Crone and T.J. Kleespies},
 title = {{Atmospheric transmittance of an absorbing gas. 5. Improvements to the OPTRAN approach}},
 journal = {Appl. Opt.},
 volume = {34},
 number = {36},
 pages = {8396--8399},
 year = {1995},
}

@article{OPTRAN6,
 author = {T.J. Kleespies and P. van Delst and L.M. McMillin and J. Derber},
 title = {Atmospheric transmittance of an absorbing gas. 6. OPTRAN status report and introduction to the NESDIS/NCEP community radiative transfer model},
 journal = {Appl. Opt.},
 volume = {43},
 number = {15},
 pages = {3103--3109},
 year = {2004},
}

@article{OPTRAN7,
 author = {L.M. McMillin and X. Xiong and Y. Han and T.J. Kleespies and P. van Delst},
 title = {Atmospheric transmittance of an absorbing gas. 7. Further improvements to the {OPTRAN} 6 approach},
 journal = {Appl. Opt.},
 volume = {45},
 number = {9},
 pages = {2062--2068},
 year = {2006},
}

@article{DeSouzaMachado_etal_2007,
 author = {S.G. DeSouza-Machado and L.L. Strow and S.E. Hannon and H.E. Motteler and M. L\'{o}pez-Puertas and B. Funke and D.P. Edwards},
 title = {Fast forward radiative transfer modeling of 4.3 $\mu$m nonlocal thermodynamic equilibrium effects for infrared temperature sounders},
 journal = {Geophys. Res. Lett.},
 volume = {34},
 year = {2007},
 pages = {L01802},
 doi = {10.1029/2006GL026684},
 publisher = {AGU},
}

@article{Lopez-Puertas_etal_1993,
 author = {M. L\'{o}pez-Puertas and M. L\'{o}pez-Valverde and D. Edwards and F. Taylor},
 title = {Non-Local-Thermodynamic-Equilibrium Populations of the First Vibrational Excited State of CO in the Middle Atmosphere},
 journal = {J. Geophys. Res.},
 volume = {98},
 number = {D5},
 year = {1993},
 pages = {8933--8947},
 publisher = {AGU},
}

@article{Edwards_etal_1993,
 author = {D. Edwards and M. L\'{o}pez-Puertas and M. L\'{o}pez-Valverde},
 title = {Non-Local Thermodynamic Equilibrium Studies of the 15-$\mu$m Bands of CO$_2$ for Atmospheric Remote Sensing},
 journal = {J. Geophys. Res.},
 volume = {98},
 number = {D8},
 year = {1993},
 pages = {14955--14977},
 publisher = {AGU},
}

@article{GieringKaminski1998,
 author = {R. Giering and T. Kaminski},
 title = {Recipes for adjoint code construction},
 journal = {ACM Trans. Math. Softw.},
 volume = {24},
 number = {4},
 year = {1998},
 issn = {0098-3500},
 pages = {437--474},
 doi = {10.1145/293686.293695},
 publisher = {ACM},
 address = {New York, NY, USA},
}

@article{Guillou_etal_1998,
 author = {C. Guillou and W. Ellison and L. Eymard and K. Lamkaouchi and C. Prigent and G. Delbos and G. Balana and S. Boukabara},
 title = {Impact of new permittivity measurements on sea surface emissivity modeling in microwaves},
 journal = {Radio Sci.},
 volume = {33},
 number = {3},
 year = {1998},
 pages = {649--667},
 publisher = {AGU},
}

@article{Ellison_etal_2003,
 author = {W.J. Ellison and S.J. English and K. Lamkaouchi and A. Balana and E. Obligis and G. DeBlonde and T.J. Hewison and P. Bauer and G. Kelly and L. Eymard},
 title = {{A comparison of ocean emissivity models using the Advanced Microwave Sounding Unit, the Special Sensor Microwave Imager, the TRMM Microwave Imager, and airborne radiometer observations}},
 journal = {J. Geophys. Res.},
 volume = {108},
 number = {D21},
 year = {2003},
 pages = {ACL 1,1--14},
 publisher = {AGU},
}

@article{Clough_etal_2005,
 author = {S.A. Clough and M.W. Shephard and E.J. Mlawer and J.S. Delamere and M.J. Iacono and K. Cady-Pereira and S. Boukabara and P. D. Brown},
 title = {{Atmospheric radiative transfer modeling: a summary of the AER codes, Short Communication}},
 journal = {J. Quant. Spectrosc. Radiat. Transfer},
 volume = {91},
 pages = {233--244},
 year = {2005},
 publisher = {Elsevier},
 key = {LBLRTM},
}

% Conference Proceedings
% ======================

@inproceedings{Fastem1,
 author = {S. English and T. Hewison},
 booktitle = {{Microwave Remote Sensing of the Atmosphere and Environment}},
 volume = {3503},
 title = {{A fast generic millimeter-wave emissivity model}},
 pages = {288--300},
 year = {1998},
 month = {Sep.},
 organization = {SPIE},
 doi = {10.1117/12.319490},
 url = {http://dx.doi.org/10.1117/12.319490},
}

@inproceedings{Muth_etal_2004,
 author = {C. Muth and P.S. Lee and J.C. Shiue and W. Allan Webb},
 booktitle = {{Geoscience and Remote Sensing Symposium, 2004. IGARSS '04.}},
 title = {{Advanced Technology Microwave Sounder on NPOESS and NPP}},
 volume = {4},
 pages = {2454--2458},
 year = {2004},
 month = {Sep.},
 organization = {IEEE},
 doi = {10.1109/IGARSS.2004.1369789},
 isbn = {0-7803-8742-2},
}

@inproceedings{Liebe1993,
 author = {H.J. Liebe and G.A. Hufford and M.G. Cotton},
 booktitle = {{Atmospheric Propagation Effects Through Natural and Man-Made Obscurants for Visible to MM-Wave Radiation}},
 title = {{Propagation modeling of moist air and suspended water/ice particles at frequencies below 1000GHz}},
 volume = {{AGARD CP-542}},
 year = {1993},
 month = {May},
 organization = {NATO},
 isbn = {92-835-0727-4},
 note = {{Paper presented at the Electromagnetic Wave Propagation Panel Symposium, Palma de Mallorca, Spain, 17th-20th May 1993}},
}

@inproceedings{Kurucz1992,
 author = {R.L. Kurucz, R.L.},
 booktitle = {{Infrared Solar Physics, Proceedings of the 154th Symposium of the International Astronomical Union}},
 editor = {D.M. Rabin and J.T. Jeffries and C. Lindsey},
 title = {{Synthetic infrared spectra}},
 year = {1992},
 month = {March},
 organization = {{IAU}},
 publisher = {{Kluwer Academic, Norwell MA}},
}


% Book sections
% =============

@inbook{Rosenkranz1993,
 crossref = {Janssen1993},
 title = {Absorption of microwaves by atmospheric gases},
 author = {P.W. Rosenkranz},
 pages = {37--90},
}

% Books
% =====

@book{Young1999,
 title = {{Wind Generated Ocean Waves}},
 author = {I.R. Young},
 year = {1999},
 publisher = {Elsevier},
 address = {Oxford, UK},
 series = {{Elsevier Ocean Engineering Book Series}},
 volume = {2},
}

@book{NumericalRecipes_Fortran,
 title = {{Numerical Recipes in Fortran}},
 author = {W.H. Press and S.A. Teukolsy and W.T. Vetterling and B.P. Flannery},
 year = {1992},
 publisher = {Cambridge University Press},
 edition = {Second},
}

@book{NumericalRecipes_Fortran90,
 title = {{Numerical Recipes in Fortran 90}},
 author = {W.H. Press and S.A. Teukolsy and W.T. Vetterling and B.P. Flannery},
 year = {1999},
 publisher = {Cambridge University Press},
 edition = {Second},
}

@book{Ulaby3_etal_1986,
 title = {{Microwave Remote Sensing, Active and Passive}},
 author = {F.T. Ulaby and R.K. Moore and A.K. Fung},
 year = {1986},
 publisher = {Artech House Publishers},
 volume = {3},
}

@book{BornWolf1999,
 title = {{Principles of Optics}},
 author = {M. Born and E. Wolf},
 year = {1999},
 publisher = {Cambridge University Press},
 edition = {Seventh},
}

@book{SubversionManual,
 title = {{Version Control with Subversion}},
 author = {B. Collins-Sussman and B.W. Fitzpatrick and C.M. Pilato},
 year = {2004},
 publisher = {O'Reilly Media},
 note = {{Latest updates available online at http://svnbook.red-bean.com/}},
 url = {http://svnbook.red-bean.com/},
}

@book{Mason2005,
 title = {{Pragmatic Version Control using Subversion}},
 author = {M. Mason},
 year = {2005},
 publisher = {{The Pragmatic Bookshelf}},
 url = {http://www.pragprog.com},
}

@book{Fowler2000,
 title = {{Refactoring: Improving the Design of Existing Code}},
 author = {M. Fowler and K. Beck and J. Brant and W. Opdyke and D. Roberts},
 year = {2000},
 publisher = {Addison-Wesley},
 address = {Boston, MA, USA},
 isbn = {0201485672},
 keywords = {refactoring software design},
}

@book{Janssen1993,
 title = {Atmospheric remote sensing by microwave radiometry},
 editor = {M.A. Janssen},
 year = {1993},
 publisher = {Wiley},
 address = {New York, NY, USA},
}

@book{Bell1972,
 title = {Introductory Fourier Transform Spectroscopy},
 author = {R.J. Bell},
 year = {1972},
 publisher = {Academic Press},
 address = {New York, NY, USA},
}


% Technical Reports
% =================

@techreport{BjerkaasRiedel1979,
 author = {A.W. Bjerkaas and F.W. Riedel},
 title = {{Proposed model for the elecvation spectrum of a wind-roughened sea surface}},
 year = {1979},
 month = {December},
 number = {TG 1328},
 type = {Technical Memorandum},
 institution = {JHU/APL},
}

@techreport{CRTM_Coding_Guidelines,
 author = {P. van Delst},
 title = {{CRTM Fortran95 Coding Guidelines}},
 year = {2008},
 type = {Technical Report},
 institution = {JCSDA},
}

@techreport{ECMWF_profile_set,
 author = {F. Chevallier},
 title = {Sampled databases of 60-level atmospheric profiles from the {ECMWF} analysis},
 year = {2001},
 number = {4},
 type = {Research Report},
 institution = {EUMETSAT/ECMWF},
 howpublished = {{EUMETSAT/ECMWF SAF programme}},
 url={http://www.metoffice.com/research/interproj/nwpsaf/rtm},
}

@techreport{SSMIS_Passband_Characterization,
 author = {M. Gay and J. Park and S. Gillespie and B. Robbins},
 title = {{SSMIS Passband Characterization for Forward Modeling}},
 year = {2001},
 number = {11892},
 type = {Technical Report},
 institution = {Aerojet},
 howpublished = {{USAF DMSP}}
}


% CRTM Technical Reports/Office Notes
% ===================================
@techreport{CRTM_IASI_Transmittance,
 author = {P. van Delst},
 title = {{Generating IASI resolution transmittances for regression fitting}},
 month = {November},
 year = {2007},
 type = {Office Note},
 number = {},
 institution = {JCSDA},
}


% Miscellaneous
% =============

@misc{WMO_Common_Code_Tables,
 title = {{WMO Common Code Tables}},
 key = {WMO},
 year = {2008},
 month = {Oct.},
 institution = {World Meteorological Organization},
 howpublished = {Common Code Tables at \newline\texttt{http://www.wmo.int/pages/prog/www/WMOCodes/OperationalCodes.html}},
 url = {http://www.wmo.int/pages/prog/www/WMOCodes/OperationalCodes.html},
}

@misc{IASI_GFTPPT,
 author = {C. Camy-Peyret and S. Payan and B. Tournier and D. Blumstein},
 title = {{Finalization of the level 1c for IASI MetOp1}},
 year = {2005},
 month = {Apr.},
 howpublished = {presented at ISSWG-21, Potenza, Italy},
}

@misc{IASI_spectral_characteristics,
  title = {{IASI Level 1 Products Overview}},
  institution = {EUMETSAT},
  howpublished = {\newline\texttt{http://oiswww.eumetsat.org/WEBOPS/eps-pg/IASI-L1/IASIL1-PG-4ProdOverview.htm}},
  url = {http://oiswww.eumetsat.org/WEBOPS/eps-pg/IASI-L1/IASIL1-PG-4ProdOverview.htm}
}

@misc{ATMS_PFM_CalLog,
 title = {{Advanced Technology Microwave Sounder (ATMS) Calibration Data Book, ATMS PFM P/N 1362460-1 S/N 302}},
 institution = {{Northrop Grumman, Electronic Systems}},
 number = {14029},
 key = {ATMS},
 year = {2005},
 month = {Oct.},
 howpublished = {Contract No. NAS5-01089 CDRL 042 submitted to NASA-GSFC},
}

@misc{CrIS_SDR_ATBD,
 title = {{Algorithm Theoretical Basis Document for the Cross Track Infrared Sounder (CrIS). Volume 1, Sensor Data Records (SDR)}},
 institution = {{ITT/ABB Bomem, Inc}},
 number = {BOM-CrIS-0067},
 key = {CrIS},
 year = {2001},
 month = {May},
 day = {25},
 howpublished = {ITT A/CD Document 818004},
}

@misc{Purser_FFT,
 author = {R.J. Purser},
 year = {2007},
 number = {1},
 howpublished = {Private communication},
}

@misc{Purser_AvgQuad_Interpolation,
 author = {R.J. Purser},
 year = {2007},
 number = {2},
 howpublished = {Private communication},
}

@misc{Purser_Variable_Transform,
 author = {R.J. Purser},
 year = {2008},
 howpublished = {Private communication},
}

@misc{Sullivan_avhrr3_n18_srf,
 author = {J.T. Sullivan},
 year = {2003},
 month = {June},
 howpublished = {Private communication},
}

@misc{Sullivan_avhrr3_metop-a_srf,
 author = {J.T. Sullivan},
 year = {2006},
 month = {January},
 howpublished = {Private communication},
}

@misc{NESDIS_AVHRR_SRFs,
  author = {X. Wu},
  title = {{NOAA AVHRR Spectral Response Functions}},
  institution = {NOAA/NESDIS/STAR},
  url = {http://www.star.nesdis.noaa.gov/smcd/spb/fwu/solar_cal/spec_resp_func},
  note = {Last accessed 2008-11-04}
}

@misc{CIMSS_SRFs,
  author = {H.M. Woolf},
  title = {{CIMSS Spectral Response Functions}},
  institution = {CIMSS/SSEC/University of Wisconsin-Madison},
  url = {ftp://monkey.ssec.wisc.edu/pub/srf},
  note = {Last accessed 2008-10-29}
}

@misc{GNU_Coding_Standards,
  author = {{FSF}},
  year = {{2008(a)}},
  title = {{GNU Coding Standards}},
  institution = {Free Software Foundation},
  url = {http://www.gnu.org/prep/standards},
  note = {Last accessed 2008-11-06}
}

@misc{guile_home,
  author = {{FSF}},
  year = {{2008(b)}},
  title = {{Guile, Project GNU's extension language}},
  institution = {Free Software Foundation},
  url = {http://www.gnu.org/software/guile},
  note = {Last accessed 2008-11-06}
}

