% Journal abbreviations
% =====================
@string{jgr = "J. Geophys. Res."}
@string{ao = "Appl. Opt."}
@string{rse = "Remote Sens. Environ."}
@string{jocean = "J. Oceanography"}
@string{josa = "J. Opt. Soc. Am."}
@string{radiosci = "Radio Sci."}
@string{mwr = "Mon. Wea. Rev."}
@string{jqsrt = "J. Quant. Spectrosc. Radiat. Transfer"}
@string{ijrs = "Int. J. Remote Sensing"}
@string{grl = "Geophys. Res. Lett."}
@string{tgrs = "IEEE Trans. Geosci. Remote Sens."}
@string{jas = "J. Atmos. Sci."}
@string{joe = "IEEE J. Ocean. Eng."}
@string{tge = "IEEE Trans. Geosci. Electron."}
@string{jaot = "J. Atmos. Oceanic Technol."}
@string{bams = "Bull. Amer. Meteor. Soc."}
@string{pier = "Progress In Electromagnetics Research"}
@string{jpo = "J. Phys. Oceanogr."}
@string{jam = "J. Appl. Meteor."}
@string{jamc = "J. Appl. Meteorol. Climatol."}



% Articles
% ========

% template
%@article{  Firstauthor_Year,
% author = {},
% title = {{}},
% journal = ,
% volume = {},
% number = {},
% pages = {},
% year = {},
% publisher = {},
% doi = {},
% key = {}
%}

@article{CoxMunk_1954,
 author = {C. Cox and W. Munk},
 title = {Measurements of the roughness of the sea surface from photographs of the sun's glitter},
 journal = josa,
 volume = {44},
 number = {11},
 pages = {838--850},
 year = {1954},
 publisher = {OSA},
}

@article{BertieLan_1996,
 author = {J.E. Bertie and Z. Lan},
 title = {{Infrared Intensities of Liquids XX: The Intensity of the OH Stretching Band of Liquid Water revisited, and the Best Current Values of the Optical Constants of H$_2$O(l) at 25$^{\circ}$C between 15,000 and 1cm$^{-1}$}},
 journal = {Appl. Spectrosc.},
 volume = {50},
 number = {8},
 pages = {1047--1057},
 year = {1996},
 publisher = {OSA},
}

@article{Breon_1993,
 author = {F.M. Breon},
 title = {An Analytical Model for the Cloud-Free Atmosphere/Ocean System Reflectance},
 journal = rse,
 volume = {43},
 number = {2},
 pages = {179--192},
 year = {1993},
 publisher = {Elsevier},
}

@article{Chen_2012c,
 author = {Y. Chen and Y. Han and P. van Delst and F. Weng},
 title = {{Validation of shortwave infrared sea surface reflection and non-local thermodynamic equilibrium effects in Community Radiative Transfer Model using IASI data}},
 journal = {submitted to J. Atmos. Oceanic Technol.},
 year = {2012},
 key = {c},
}

@article{Chen_2012b,
 author = {Y. Chen and F. Weng and Y. Han and Q. Liu}
 title = {{Planck-weighted transmittance and correction of solar reflection for broadband infrared satellite channels}},
 journal = jaot,
 volume = {29},
 pages = {382--396},
 year = {2012},
 doi = {10.1175/JTECH-D-11-00102.1},
 publisher = {AMS},
 key = {b},
}

@article{Chen_2012a,
 author = {Y. Chen and Y. Han and F. Weng}
 title = {{Comparison of two transmittance algorithms in the community radiative transfer model: Application to AVHRR}},
 journal = jgr,
 volume = {117},
 number = {D06206},
 year = {2012},
 doi = {10.1029/2011JD016656},
 publisher = {AGU},
 key = {a},
}

@article{Chen_2011,
 author = {Y. Chen and Y. Han and Q. Liu and P. van Delst and F. Weng}
 title = {{Community Radiative Transfer Model for Stratospheric Sounding Unit}},
 journal = jaot,
 volume = {28},
 pages = {767--778},
 year = {2011},
 doi = {10.1175/2010JTECHA1509.1},
 publisher = {AMS},
}

@article{Chen_2010,
 author = {Y. Chen and Y. Han and P. van Delst and F. Weng}
 title = {{On water vapor Jacobian in fast radiative transfer model}},
 journal = jgr,
 volume = {115},
 number = {D12303},
 year = {2010},
 doi = {10.1029/2009JD013379},
 publisher = {AGU},
}

@article{Dinnat_2003,
 author = {E.P. Dinnat and J. Boutin and G. Caudal and J. Etcheto},
 title = {{Issues concerning the sea emissivity modeling at L band for retrieving surface salinity}},
 journal = radiosci,
 volume = {38},
 number = {4},
 pages = {25,1--11},
 year = {2003},
 publisher = {AGU},
 doi = {10.1029/2002RS002637}
}

@article{DurdenVesecky_1985,
 author = {S.L. Durden and J.F. Vesecky},
 title = {{A physical radar cross-section model for a wind-driven sea with swell}},
 journal = joe,
 volume = {OE-10},
 number = {4},
 pages = {445--451},
 year = {1985},
 publisher = {IEEE}
}

@article{EbuchiKizu_2002,
 author = {N. Ebuchi and S. Kizu},
 title = {Probability Distribution of Surface Wave Slope Derived Using Sun Glitter Images from Geostationary Meteorological Satellite and Surface Vector Winds from Scatterometers},
 journal = jocean,
 volume = {58},
 number = {3},
 pages = {477--486},
 year = {2002},
 publisher = {Springer Netherlands},
}

@article{Elfouhaily_1997,
 author = {T. Elfouhaily and B. Chapron and K. Katsaros and D. Vandemark},
 title = {{A unified directional spectrum for long and short wind-driven waves}},
 journal = jgr,
 volume = {102},
 number = {C7},
 pages = {15781--15796},
 year = {1997},
 publisher = {AGU}
}

@article{Ellison_1998,
 author = {W. Ellison and A. Balana and G. Delbos and K. Lamkaouchi and L. Eymard and C. Guillou and C. Prigent},
 title = {{New permittivity measurements of seawater}},
 journal = radiosci,
 volume = {33},
 number = {3},
 year = {1998},
 pages = {639--648},
 publisher = {AGU},
}

@article{Ellison_2003,
 author = {W.J. Ellison and S.J. English and K. Lamkaouchi and A. Balana and E. Obligis and G. DeBlonde and T.J. Hewison and P. Bauer and G. Kelly and L. Eymard},
 title = {{A comparison of ocean emissivity models using the Advanced Microwave Sounding Unit, the Special Sensor Microwave Imager, the TRMM Microwave Imager, and airborne radiometer observations}},
 journal = jgr,
 volume = {108},
 number = {D21},
 year = {2003},
 pages = {ACL 1,1--14},
 publisher = {AGU},
}

@article{Friedman1969,
 author = {D. Friedman},
 title = {{Infrared characteristics of ocean water (1.5-15$\mu$m)}},
 journal = ao,
 volume = {8},
 number = {10},
 pages = {2073--2078},
 year = {1969},
 publisher ={OSA},
}

@article{Guillou_1998,
 author = {C. Guillou and W. Ellison and L. Eymard and K. Lamkaouchi and C. Prigent and G. Delbos and G. Balana and S. Boukabara},
 title = {Impact of new permittivity measurements on sea surface emissivity modeling in microwaves},
 journal = radiosci,
 volume = {33},
 number = {3},
 year = {1998},
 pages = {649--667},
 publisher = {AGU},
}

@article{GuissardSobieski_1987,
 author = {A. Guissard and P. Sobieski},
 title = {An approximate model for the microwave brightness temperature of the sea},
 journal = ijrs,
 volume = {8},
 number = {11},
 pages = {1607--1627},
 year = {1987},
 publisher = {Taylor and Francis},
}

@article{HaleQuerry_1973,
 author = {G.M. Hale and M.R. Querry},
 title = {{Optical constants of water in the 200nm to 200$\mu$m wavelength region}},
 journal = ao,
 volume = {12},
 number = {3},
 pages = {555--563},
 year = {1973},
 publisher = {OSA},
}

@article{Han_2007,
 author = {Y. Han and F. Weng and Q. Liu and P. van Delst},
 title = {{A fast radiative transfer model for SSMIS upper atmosphere sounding channels}},
 journal = jgr,
 volume = {112},
 pages = {D11121},
 year = {2007},
 doi = {10.1029/2006JD008208},
 publisher = {AGU},
}

@article{HanafinMinnett_2005,
 author = {J.A. Hanafin and P.J. Minnett},
 title = {Measurements of the infrared emissivity of a wind-roughened sea surface},
 journal = ao,
 volume = {44},
 number = {3},
 pages = {398--411},
 year = {2005},
 publisher = {OSA},
}

@article{Hewison_1996,
 author = {T.J. Hewison and R. Saunders},
 title = {{Measurements of the AMSU-B antenna pattern}},
 journal = tgrs,
 volume = {34},
 number = {2},
 pages = {405--412},
 year = {1996},
 publisher = {IEEE},
 doi = {10.1109/36.485118}
}

@article{Kazumori_2008,
 author = {M. Kazumori and Q. Liu and R. Treadon and J.C. Derber},
 title = {{Impact study of AMSR-E radiances in the NCEP Global Data Assimilation System}},
 journal = mwr,
 volume = {136},
 number = {2},
 pages = {541--559},
 year = {2008},
 publisher = {AMS},
 doi = {10.1175/2007MWR2147.1}
}

@article{Liebe_1992,
 author = {H.J. Liebe and P.W. Rosenkranz and G.A. Hufford},
 title = {{Atmospheric 60-GHz oxygen spectrum: New laboratory measurements and line parameters}},
 journal = jqsrt,
 volume = {48},
 number = {5/6},
 pages = {629--643},
 year = {1992},
 publisher = {Elsevier},
 doi = {10.1016/0022-4073(92)90127-P},
}

@article{Liebe_1989,
 author = {H.J. Liebe},
 title = {{MPM - An atmospheric millimeter-wave propagation model}},
 journal = {Int. J. Infrared Milli. Waves},
 volume = {10},
 number = {6},
 pages = {631--650},
 year = {1989},
 publisher = {Plenum},
}

@article{Liu_1998,
 author = {Q. Liu and C. Simmer and E. Ruprecht},
 title = {{Monte Carlo simulations of the microwave emissivity of the sea surface}},
 journal = jgr,
 volume = {103},
 number = {C11},
 pages = {24983--24989},
 year = {1998},
 publisher = {AGU},
}

@article{Liu_2003,
 author = {Q. Liu and F. Weng},
 title = {{Retrieval of sea surface wind vectors from simulated satellite microwave polarimetric measurements}},
 journal = radiosci,
 volume = {38},
 number = {4},
 pages = {43,1--8},
 year = {2003},
 publisher = {AGU},
 doi = {10.1029/2002RS002729}
}

@article{Liu_2011,
 author = {Q. Liu and F. Weng and S.J. English},
 title = {{An improved fast microwave water emissivity model}},
 journal = tgrs,
 volume = {49},
 number = {4},
 pages = {1238--1250},
 year = {2011},
 publisher = {IEEE},
 doi = {10.1109/TGRS.2010.2064779}
}

@article{Liu_2009,
 author = {Q. Liu and X. Liang and Y. Han and P. van Delst and Y. Chen and A. Ignativ and F. Weng}
 title = {{Effect of Out-of-Band Response in NOAA-16 AVHRR Channel 3b on Top-of-Atmosphere Radiances Calculated with the Community Radiative Transfer Model}},
 journal = jaot,
 volume = {26},
 pages = {1968--1972},
 year = {2009},
 doi = {10.1175/2009JTECHA1259.1},
 publisher = {AMS},
}

@article{Masuda_1988,
 author = {K. Masuda and T. Takashima and Y. Takayama},
 title = {Emissivity of pure and sea waters for the model sea surface in the infrared window regions},
 journal = rse,
 volume = {24},
 pages = {313--329},
 year = {1998},
 publisher = {Elsevier},
}

@article{Masuda_2006,
 author = {K. Masuda},
 title = {{Infrared sea surface emissivity including multiple reflection effect for isotropic Gaussian slope distribution model}},
 journal = rse,
 volume = {103},
 pages = {488--496},
 year = {2006},
 publisher = {Elsevier},
}

@article{Mo_1999,
 author = {T. Mo},
 title = {{AMSU-A Antenna Pattern Corrections}},
 journal = tgrs,
 volume = {37},
 number = {1},
 pages = {103--112},
 year = {1999},
 publisher = {IEEE}
}

@article{Monahan_1986,
 author = {E.C. Monahan and I.G. O'Muircheartaigh},
 title = {{Whitecaps and the passive remote sensing of the ocean surface}},
 journal = ijrs,
 volume = {7},
 number = {5},
 pages = {627--642},
 year = {1986}
}

@article{Nalli_2008a,
 author = {N.R. Nalli and P.J. Minnett and P. van Delst},
 title = {{Emissivity and reflection model for calculating unpolarized isotropic water surface-leaving radiance in the infrared. 1: Theoretical development and calculations}},
 journal = ao,
 volume = {47},
 number = {21},
 pages = {3701--3721},
 year = {2008a},
 publisher = {OSA},
 key = {a},
}

@article{Nalli_2008b,
 author = {N.R. Nalli and P.J. Minnett and E. Maddy and W.W. McMillan and M.D. Goldberg},
 title = {{Emissivity and reflection model for calculating unpolarized isotropic water surface-leaving radiance in the infrared. 2: Validation using Fourier transform spectrometers}},
 journal = ao,
 volume = {47},
 number = {25},
 pages = {4694--4671},
 year = {2008b},
 publisher = {OSA},
 key = {b},
}

@article{PettyKatsaros_1994,
 author = {G.W. Petty and K.B. Katsaros},
 title = {{Response of the SSM/I to the marine environment. Part II: A parameterization of the effect of the sea surface slope distribution on emission and reflection}},
 journal = jaot,
 volume = {11},
 number = {3},
 pages = {617--628},
 year = {1994},
 publisher = {AMS}
}

@article{Rose_2002,
 author = {L.A. Rose and W.E. Asher and S.C. Reising and P.W. Gaiser and K.M. St. Germain and D.J. Dowgiallo and K.A. Horgan and G. Farquharson and E.J. Knapp},
 title = {{Radiometric measurements of the microwave emissivity of foam}},
 journal = tgrs,
 volume = {40},
 number = {12},
 pages = {2619--2625},
 year = {2002},
 publisher = {IEEE},
 doi = {10.1109/TGRS.2002.807006}
}

@article{Rosenkranz_1998,
 author = {P.W. Rosenkranz},
 title = {{Water vapor microwave continuum absorption: A comparison of measurements and models}},
 journal = radiosci,
 volume = {33},
 number = {4},
 pages = {919--928},
 year = {1998},
 publisher = {AGU},
}

@article{Rosenkranz_1988,
 author = {P.W. Rosenkranz and D.H. Staelin},
 title = {{Polarized thermal microwave emission from oxygen in the mesosphere}},
 journal = radiosci,
 volume = {23},
 number = {5},
 pages = {721--729},
 year = {1988},
 publisher = {AGU},
}

@article{StGermain_2002,
 author = {K. St. Germain and G.A. Poe and P.W. Gaiser},
 title = {{Polarimetric emission model of the sea at microwave frequencies and comparison with measurements}},
 journal = pier,
 volume = {37},
 pages = {1--30},
 year = {2002},
 publisher = {EMW},
 doi = {10.2528/PIER01100800}
}

@article{Stogryn_1972,
 author = {A. Stogryn},
 title = {{The emissivity of sea foam at microwave frequencies}},
 journal = jgr,
 volume = {77},
 number = {9},
 pages = {1658--1666},
 year = {1972},
 publisher = {AGU}
}

@article{Tang_1974,
 author = {C.C.H. Tang},
 title = {{The effect of droplets in the airs-sea transition zone on the sea brightness temperature}},
 journal = jpo,
 volume = {4},
 number = {4},
 pages = {579--593},
 year = {1974},
 publisher = {AMS}
}

@article{Wentz_1975,
 author = {F.J. Wentz},
 title = {{Two-scale scattering model for foam-free sea microwave brightness temperatures}},
 journal = jgr,
 volume = {80},
 number = {24},
 pages = {3441--3446},
 year = {1975},
 publisher = {AGU}
}

@article{Wentz_1992,
 author = {F.J. Wentz},
 title = {{Measurement of oceanic wind vector using satellite microwave radiometers}},
 journal = tgrs,
 volume = {30},
 number = {5},
 pages = {960--972},
 year = {1992},
 publisher = {IEEE}
}

@article{Wieliczka_1989,
 author = {D.M. Wieliczka, S. Weng, and M.R. Querry},
 title = {{Wedge shaped cell for highly absorbent liquids: infrared optical constants of water}},
 journal = ao,
 volume = {28},
 number = {9},
 pages = {1714--1719},
 year = {1989},
 publisher = {OSA},
}

@article{Wilheit_1979,
 author = {T.T. Wilheit, Jr.},
 title = {{A model for the microwave emissivity of the ocean's surface as a function of wind speed}},
 journal = tge,
 volume = {GE-17},
 number = {4},
 pages = {244--249},
 year = {1979},
 publisher = {IEEE}
}

@article{Wu_1972,
 author = {S.T. Wu and A.K. Fung},
 title = {{A noncoherent model for microwave emissions and backscattering from the sea surface}},
 journal = jgr,
 volume = {77},
 number = {30},
 pages = {5917--5929},
 year = {1972},
 publisher = {AGU}
}

@article{WuSmith_1997,
 author = {X. Wu and W.L. Smith},
 title = {{Emissivity of rough sea surface for 8-13$\mu$m: modeling and verification}},
 journal = ao,
 volume = {36},
 number = {12},
 pages = {2609--2619},
 year = {1997},
 publisher = {OSA},
}

@article{WuSmith_1996,
 author = {X. Wu and W.L. Smith},
 title = {Sensitivity of sea surface temperature retrieval to sea surface emissivity},
 journal = {ACTA Meteorol. Sinica},
 volume = {10},
 number = {3},
 pages = {376--383},
 year = {1996},
 publisher = {Chinese Meteorological Society},
}

@article{Yueh_1994,
 author = {S.H. Yueh and S.V. Nghiem and R. Kwok and W.J. Wilson and F.K. Li and J.T. Johnson and K.A. Kong},
 title = {{Polarimetric thermal emission from periodic water surfaces}},
 journal = radiosci,
 volume = {29},
 number = {1},
 pages = {87--96},
 year = {1994},
 publisher = {AGU}
}


@article{OPTRAN1,
 author = {L.M. McMillin and H.E. Fleming},
 title = {{Atmospheric transmittance of an absorbing gas: A computationally fast and accurate transmittance model for absorbing gases with constant mixing ratios in inhomogeneous atmospheres}},
 journal = ao,
 volume = {15},
 number = {2},
 pages = {358--363},
 year = {1976},
}

@article{OPTRAN2,
 author = {H.E. Fleming and L.M. McMillin},
 title = {{Atmospheric transmittance of an absorbing gas. 2: A computationally fast and accurate transmittance model for slant paths at different zenith angles}},
 journal = ao,
 volume = {16},
 number = {5},
 pages = {1366--1370},
 year = {1977},
}

@article{OPTRAN3,
 author = {L.M. McMillin and H.E. Fleming and M.L. Hill},
 title = {{Atmospheric transmittance of an absorbing gas. 3: A computationally fast and accurate transmittance model for absorbing gases with variable mixing ratios}},
 journal = ao,
 volume = {18},
 number = {10},
 pages = {1600--1606},
 year = {1979},
}

@article{OPTRAN4,
 author = {L.M. McMillin and L.J. Crone and M.D. Goldberg and T.J. Kleespies},
 title = {{Atmospheric transmittance of an absorbing gas. 4. OPTRAN: A computationally fast and accurate transmittance model for absorbing gases with fixed and with variable mixing ratios at variable viewing angles}},
 journal = ao,
 volume = {34},
 number = {27},
 pages = {6269--6274},
 year = {1995},
}

@article{OPTRAN5,
 author = {L.M. McMillin and L.J. Crone and T.J. Kleespies},
 title = {{Atmospheric transmittance of an absorbing gas. 5. Improvements to the OPTRAN approach}},
 journal = ao,
 volume = {34},
 number = {36},
 pages = {8396--8399},
 year = {1995},
}

@article{OPTRAN6,
 author = {T.J. Kleespies and P. van Delst and L.M. McMillin and J. Derber},
 title = {Atmospheric transmittance of an absorbing gas. 6. OPTRAN status report and introduction to the NESDIS/NCEP community radiative transfer model},
 journal = ao,
 volume = {43},
 number = {15},
 pages = {3103--3109},
 year = {2004},
}

@article{OPTRAN7,
 author = {L.M. McMillin and X. Xiong and Y. Han and T.J. Kleespies and P. van Delst},
 title = {Atmospheric transmittance of an absorbing gas. 7. Further improvements to the {OPTRAN} 6 approach},
 journal = ao,
 volume = {45},
 number = {9},
 pages = {2062--2068},
 year = {2006},
}

@article{DeSouzaMachado_2007,
 author = {S.G. DeSouza-Machado and L.L. Strow and S.E. Hannon and H.E. Motteler and M. L\'{o}pez-Puertas and B. Funke and D.P. Edwards},
 title = {Fast forward radiative transfer modeling of 4.3 $\mu$m nonlocal thermodynamic equilibrium effects for infrared temperature sounders},
 journal = grl,
 volume = {34},
 year = {2007},
 pages = {L01802},
 doi = {10.1029/2006GL026684},
 publisher = {AGU},
}

@article{Lopez-Puertas_1993,
 author = {M. L\'{o}pez-Puertas and M. L\'{o}pez-Valverde and D. Edwards and F. Taylor},
 title = {Non-Local-Thermodynamic-Equilibrium Populations of the First Vibrational Excited State of CO in the Middle Atmosphere},
 journal = jgr,
 volume = {98},
 number = {D5},
 year = {1993},
 pages = {8933--8947},
 publisher = {AGU},
}

@article{Edwards_1993,
 author = {D. Edwards and M. L\'{o}pez-Puertas and M. L\'{o}pez-Valverde},
 title = {Non-Local Thermodynamic Equilibrium Studies of the 15-$\mu$m Bands of CO$_2$ for Atmospheric Remote Sensing},
 journal = jgr,
 volume = {98},
 number = {D8},
 year = {1993},
 pages = {14955--14977},
 publisher = {AGU},
}

@article{GieringKaminski_1998,
 author = {R. Giering and T. Kaminski},
 title = {Recipes for adjoint code construction},
 journal = {ACM Trans. Math. Softw.},
 volume = {24},
 number = {4},
 year = {1998},
 issn = {0098-3500},
 pages = {437--474},
 doi = {10.1145/293686.293695},
 publisher = {ACM},
 address = {New York, NY, USA},
}


@article{Clough_2005,
 author = {S.A. Clough and M.W. Shephard and E.J. Mlawer and J.S. Delamere and M.J. Iacono and K. Cady-Pereira and S. Boukabara and P. D. Brown},
 title = {Atmospheric radiative transfer modeling: a summary of the {AER} codes},
 journal = jqsrt,
 volume = {91},
 pages = {233--244},
 year = {2005},
 publisher = {Elsevier},
}

@article{Payne_2008,
 author = {V.H. Payne and J.S. Delamere and K.E. Cady-Pereira and R.R. Gamache and J-L. Moncet and E.J. Mlawer and S.A. Clough},
 title = {Air-broadened half-widths of the 22 and 183 {GHz} water vapor lines},
 journal = tgrs,
 volume = {46},
 number = {11},
 pages = {3601--3617},
 year = {2008},
 publisher = {IEEE Geoscience and Remote Sensing Society},
}


% Radiative transfer algorithms

@article{Liu_1996,
 author = {Q. Liu and E. Ruprecht},
 title = {Radiative transfer model: matrix operator method},
 journal = ao,
 volume = {35},
 number = {21},
 pages = {4229--4237},
 year = {1996},
 publisher = {Optical Society of America},
}

@article{Liu_2006,
 author = {Q. Liu and F. Weng},
 title = {Advanced Doubling-Adding method for radiative transfer in planetary atmosphere},
 journal = jas,
 volume = {63},
 number = {12},
 pages = {3459--3465},
 year = {2006},
 publisher = {AMS},
 doi = {10.1175/JAS3808.1}
}

@article{SOI_1,
 author = {A.K. Heidinger and C. O'Dell and R. Bennartz and T. Greenwald},
 title = {{The Successive-Order-of-Interaction Radiative Transfer Model. Part I: Model Development}},
 journal = jamc,
 volume = {45},
 number = {10},
 pages = {1388--1402},
 year = {2006},
 publisher = {AMS},
 doi = {10.1175/JAM2387.1}
}

@article{SOI_2,
 author = {C. O'Dell and A.K. Heidinger and T. Greenwald and P. Bauer and R. Bennartz},
 title = {{The Successive-Order-of-Interaction Radiative Transfer Model. Part I: Model Performance and Applications}},
 journal = jamc,
 volume = {45},
 number = {10},
 pages = {1403--1413},
 year = {2006},
 publisher = {AMS},
 doi = {10.1175/JAM2409.1}
}


% Aerosol models and optical properties

@article{Chin_2002,
 author = {M. Chin and P. Ginoux and S. Kinne and O. Torres and B.N. Holben and B.N. Duncan and R.V. Martin and J.A. Logan and A. Higurashi and T. Nakajima},
 title = {Tropospheric aerosol optical thickness from the {GOCART} model and comparisons with satellite and sun photometer meaasurements},
 journal = jas,
 volume = {59},
 pages = {461--483},
 year = {2002},
 publisher = {American Meteorological Society},
}


% Conference Proceedings
% ======================

@inproceedings{Fastem1,
 author = {S. English and T. Hewison},
 booktitle = {{Microwave Remote Sensing of the Atmosphere and Environment}},
 volume = {3503},
 title = {{A fast generic millimeter-wave emissivity model}},
 pages = {288--300},
 year = {1998},
 month = {Sep.},
 organization = {SPIE},
 doi = {10.1117/12.319490}
}

@inproceedings{Muth_2004,
 author = {C. Muth and P.S. Lee and J.C. Shiue and W. Allan Webb},
 booktitle = {{Geoscience and Remote Sensing Symposium, 2004. IGARSS '04.}},
 title = {{Advanced Technology Microwave Sounder on NPOESS and NPP}},
 volume = {4},
 pages = {2454--2458},
 year = {2004},
 month = {Sep.},
 organization = {IEEE},
 doi = {10.1109/IGARSS.2004.1369789},
 isbn = {0-7803-8742-2},
}

@inproceedings{Liebe_1993,
 author = {H.J. Liebe and G.A. Hufford and M.G. Cotton},
 booktitle = {{Atmospheric Propagation Effects Through Natural and Man-Made Obscurants for Visible to MM-Wave Radiation}},
 title = {{Propagation modeling of moist air and suspended water/ice particles at frequencies below 1000GHz}},
 volume = {{AGARD CP-542}},
 year = {1993},
 month = {May},
 organization = {NATO},
 isbn = {92-835-0727-4},
 note = {{Paper presented at the Electromagnetic Wave Propagation Panel Symposium, Palma de Mallorca, Spain, 17th-20th May 1993}},
}

@inproceedings{Kurucz_1992,
 author = {R.L. Kurucz, R.L.},
 booktitle = {{Infrared Solar Physics, Proceedings of the 154th Symposium of the International Astronomical Union}},
 editor = {D.M. Rabin and J.T. Jeffries and C. Lindsey},
 title = {{Synthetic infrared spectra}},
 year = {1992},
 month = {March},
 organization = {{IAU}},
 publisher = {{Kluwer Academic, Norwell MA}},
}


% Book sections
% =============

@inbook{Rosenkranz_1993,
 crossref = {Janssen1993},
 title = {Absorption of microwaves by atmospheric gases},
 author = {P.W. Rosenkranz},
 pages = {37--90},
}


% Books
% =====

@book{Young_1999,
 title = {{Wind Generated Ocean Waves}},
 author = {I.R. Young},
 year = {1999},
 publisher = {Elsevier},
 address = {Oxford, UK},
 series = {{Elsevier Ocean Engineering Book Series}},
 volume = {2},
}

@book{NumericalRecipes_Fortran,
 title = {{Numerical Recipes in Fortran}},
 author = {W.H. Press and S.A. Teukolsy and W.T. Vetterling and B.P. Flannery},
 year = {1992},
 publisher = {Cambridge University Press},
 edition = {Second},
}

@book{NumericalRecipes_Fortran90,
 title = {{Numerical Recipes in Fortran 90}},
 author = {W.H. Press and S.A. Teukolsy and W.T. Vetterling and B.P. Flannery},
 year = {1999},
 publisher = {Cambridge University Press},
 edition = {Second},
}

@book{Ulaby3_1986,
 title = {{Microwave Remote Sensing, Active and Passive}},
 author = {F.T. Ulaby and R.K. Moore and A.K. Fung},
 year = {1986},
 publisher = {Artech House Publishers},
 volume = {3},
}

@book{BornWolf_1999,
 title = {{Principles of Optics}},
 author = {M. Born and E. Wolf},
 year = {1999},
 publisher = {Cambridge University Press},
 edition = {Seventh},
}

@book{SubversionManual,
 title = {{Version Control with Subversion}},
 author = {B. Collins-Sussman and B.W. Fitzpatrick and C.M. Pilato},
 year = {2004},
 publisher = {O'Reilly Media},
 note = {{Latest updates available online at http://svnbook.red-bean.com/}},
 url = {http://svnbook.red-bean.com/},
}

@book{Mason_2005,
 title = {{Pragmatic Version Control using Subversion}},
 author = {M. Mason},
 year = {2005},
 publisher = {{The Pragmatic Bookshelf}},
 url = {http://www.pragprog.com},
}

@book{Fowler_2000,
 title = {{Refactoring: Improving the Design of Existing Code}},
 author = {M. Fowler and K. Beck and J. Brant and W. Opdyke and D. Roberts},
 year = {2000},
 publisher = {Addison-Wesley},
 address = {Boston, MA, USA},
 isbn = {0201485672},
 keywords = {refactoring software design},
}

@book{Janssen_1993,
 title = {Atmospheric remote sensing by microwave radiometry},
 editor = {M.A. Janssen},
 year = {1993},
 publisher = {Wiley},
 address = {New York, NY, USA},
}

@book{Bell_1972,
 title = {Introductory Fourier Transform Spectroscopy},
 author = {R.J. Bell},
 year = {1972},
 publisher = {Academic Press},
 address = {New York, NY, USA},
}


% Technical Reports
% =================

@techreport{BjerkaasRiedel_1979,
 author = {A.W. Bjerkaas and F.W. Riedel},
 title = {{Proposed model for the elecvation spectrum of a wind-roughened sea surface}},
 year = {1979},
 month = {December},
 number = {TG 1328},
 type = {Technical Memorandum},
 institution = {JHU/APL},
}

@techreport{CRTM_Coding_Guidelines,
 author = {P. van Delst},
 title = {{CRTM Fortran95 Coding Guidelines}},
 year = {2008},
 type = {Technical Report},
 institution = {JCSDA},
}

@techreport{Deblonde_FASTEM1_FASTEM2, 
 author = {G. Deblonde}, 
 title = {{Evaluation of FASTEM and FASTEM2}}, 
 year = {2000}, 
 month = {Nov.}, 
 day = {16}, 
 type = {Research Report}, 
 institution = {EUMETSAT/ECMWF}, 
 howpublished = {{EUMETSAT/ECMWF SAF programme}}, 
 url={http://research.metoffice.gov.uk/research/interproj/nwpsaf/rtm/evalfastems.pdf} 
} 
 
@techreport{ECMWF_profile_set,
 author = {F. Chevallier},
 title = {Sampled databases of 60-level atmospheric profiles from the {ECMWF} analysis},
 year = {2001},
 number = {4},
 type = {Research Report},
 institution = {EUMETSAT/ECMWF},
 howpublished = {{EUMETSAT/ECMWF SAF programme}},
 url={http://www.metoffice.com/research/interproj/nwpsaf/rtm},
}

@techreport{ECMWF_profile_set2,
 author = {F. Chevallier and S. Di Michele and A.P. McNally},
 title = {Diverse profile datasets from the {ECMWF} 91-level short-range forecasts},
 year = {2006},
 number = {NWPSAF-EC-TR-010.B},
 type = {NWP SAF Report},
 institution = {EUMETSAT/ECMWF},
 howpublished = {{EUMETSAT/ECMWF SAF programme}},
 url={http://www.metoffice.com/research/interproj/nwpsaf/rtm},
}

@techreport{SSMIS_Passband_Characterization,
 author = {M. Gay and J. Park and S. Gillespie and B. Robbins},
 title = {{SSMIS Passband Characterization for Forward Modeling}},
 year = {2001},
 number = {11892},
 type = {Technical Report},
 institution = {Aerojet},
 howpublished = {{USAF DMSP}}
}

@techreport{Matricardi_ECMWF564,
 author = {M. Matricardi},
 title = {The generation of {RTTOV} regression coefficients for {IASI} and {AIRS} using a new profile training set and a new line-by-line database},
 year = {2008},
 month = {May},
 number = {564},
 type = {ECMWF Technical Memorandum},
 institution = {ECMWF},
 howpublished = {ECMWF},
 url={http://www.ecmwf.int/publications},
}


% CRTM Technical Reports/Office Notes
% ===================================
@techreport{CRTM_IASI_Transmittance,
 author = {P. van Delst},
 title = {{Generating IASI resolution transmittances for regression fitting}},
 month = {November},
 year = {2007},
 type = {Office Note},
 number = {},
 institution = {JCSDA},
}


% Theses
% ======

@mastersthesis{Segelstein_1981,
 author = {D.J. Segelstein},
 title = {The complex refractive index of water},
 year = {1981},
 school = {University of Missouri, Kansas City, Missouri},
}


% Miscellaneous
% =============

@misc{VIIRS_SRF_Data,
 title = {{VIIRS Spectral Response Function (SRF, or RSR) Data}},
 year = {2010},
 month = {Oct.},
 institution = {NESDIS/STAR},
 url = {http://www.star.nesdis.noaa.gov/jpss},
}

@misc{WMO_Common_Code_Tables,
 title = {{WMO Common Code Tables}},
 year = {2008},
 month = {Oct.},
 institution = {World Meteorological Organization},
 url = {http://www.wmo.int/pages/prog/www/WMOCodes/OperationalCodes.html},
}

@misc{IASI_GFTPPT,
 author = {C. Camy-Peyret and S. Payan and B. Tournier and D. Blumstein},
 title = {{Finalization of the level 1c for IASI MetOp1}},
 year = {2005},
 month = {Apr.},
 howpublished = {presented at ISSWG-21, Potenza, Italy},
}

@misc{IASI_spectral_characteristics,
  title = {{IASI Level 1 Products Overview}},
  institution = {EUMETSAT},
  howpublished = {\newline\texttt{http://oiswww.eumetsat.org/WEBOPS/eps-pg/IASI-L1/IASIL1-PG-4ProdOverview.htm}},
  url = {http://oiswww.eumetsat.org/WEBOPS/eps-pg/IASI-L1/IASIL1-PG-4ProdOverview.htm}
}

@misc{ATMS_PFM_CalLog,
 title = {{Advanced Technology Microwave Sounder (ATMS) Calibration Data Book, ATMS PFM P/N 1362460-1 S/N 302}},
 institution = {{Northrop Grumman, Electronic Systems}},
 number = {14029A},
 year = {2006},
 month = {February},
 howpublished = {Contract No. NAS5-01089 CDRL 042 submitted to NASA-GSFC},
 key = {ATMS_PFM_CalLog},
}

@misc{ATMS_Receiver_Spec,
 title = {{Receiver Specification for the Advanced Technology Microwave Sounder (ATMS)}},
 institution = {{Northrop Grumman, Electronic Systems}},
 number = {AE-28105C},
 year = {2004},
 month = {September},
 howpublished = {Contract No. NAS5-01089 prepared for NASA-GSFC},
 key = {ATMS_Receiver_Spec},
}

@misc{CrIS_SDR_ATBD,
 title = {{Algorithm Theoretical Basis Document for the Cross Track Infrared Sounder (CrIS). Volume 1, Sensor Data Records (SDR)}},
 institution = {{ITT/ABB Bomem, Inc}},
 number = {BOM-CrIS-0067},
 key = {CrIS_SDR_ATBD},
 year = {2001},
 month = {May},
 day = {25},
 howpublished = {ITT A/CD Document 818004},
}

@misc{CrIS_EDR_ATBD,
 title = {{Cross Track Infrared Sounder (CrIS) Volume 2, Environmental Data Records (EDR) Algorithm Theoretical Basis Document (ATBD)}},
 institution = {{Northrop Grumman, Space & Mission Systems Corporation}},
 number = {D43772},
 year = {2007},
 month = {February},
 day = {8},
 howpublished = {Contract No. F04701-02-C-0502},
}
  
@misc{Purser_FFT,
 author = {R.J. Purser},
 year = {2007},
 number = {1},
 howpublished = {Private communication},
}

@misc{Purser_AvgQuad_Interpolation,
 author = {R.J. Purser},
 year = {2007},
 number = {2},
 howpublished = {Private communication},
}

@misc{Purser_Variable_Transform,
 author = {R.J. Purser},
 year = {2008},
 howpublished = {Private communication},
}

@misc{Sullivan_avhrr3_n18_srf,
 author = {J.T. Sullivan},
 year = {2003},
 month = {June},
 howpublished = {Private communication},
}

@misc{Sullivan_avhrr3_metop-a_srf,
 author = {J.T. Sullivan},
 year = {2006},
 month = {January},
 howpublished = {Private communication},
}

@misc{NESDIS_AVHRR_SRFs,
  author = {X. Wu},
  title = {{NOAA AVHRR Spectral Response Functions}},
  institution = {NOAA/NESDIS/STAR},
  url = {http://www.star.nesdis.noaa.gov/smcd/spb/fwu/solar_cal/spec_resp_func},
  note = {Last accessed 2008-11-04}
}

@misc{CIMSS_SRFs,
  author = {H.M. Woolf},
  title = {{CIMSS Spectral Response Functions}},
  institution = {CIMSS/SSEC/University of Wisconsin-Madison},
  url = {ftp://monkey.ssec.wisc.edu/pub/srf},
  note = {Last accessed 2008-10-29}
}

@misc{GNU_Coding_Standards,
  author = {{FSF}},
  year = {{2008(a)}},
  title = {{GNU Coding Standards}},
  institution = {Free Software Foundation},
  url = {http://www.gnu.org/prep/standards},
  note = {Last accessed 2008-11-06}
}

@misc{guile_home,
  author = {{FSF}},
  year = {{2008(b)}},
  title = {{Guile, Project GNU's extension language}},
  institution = {Free Software Foundation},
  url = {http://www.gnu.org/software/guile},
  note = {Last accessed 2008-11-06}
}

@misc{ATMS_SRF_SDL,
 author = {C.L. Chidester},
 year = {2009},
 number = {1},
 institution = {Space Dynamics Laboratory, Utah State University Research Foundation},
 howpublished = {Private communication},
}

@misc{ATMS_SRF_NGAS,
 author = {G. DeAmici},
 year = {2009},
 number = {1},
 institution = {Northop Grumman Aerospace Systems},
 howpublished = {Private communication},
}
